
@INPROCEEDINGS{Lowe,
  author = {Lowe, David G.},
  title = {Object Recognition from Local Scale-Invariant Features},
  booktitle = {IEEE Computer Society Proceedings of International Conference on Computer Vision (ICCV)},
  year = {1999},
  volume={2},
  pages = {1150-1157},
  acmid = {851523},
  isbn = {0-7695-0164-8}
}

@INPROCEEDINGS{Fortnow,
  author = {L. Fortnow},
  title = {Viewpoint: Time for computer science to grow up},
  booktitle = {Communications of the ACM no. 52},
  year = {2009},
  volume={8},
  pages = {33-35},
}

@INPROCEEDINGS{Knuth,
  author = {D. E. Knuth, P. Bendix},
  title = {Simple word problems in universal algebras},
  booktitle = {Computational Problems in Abstract Algebra (ur. J. Leech)},
  year = {1970},
  pages = {263--297},
}

@INPROCEEDINGS{Lamport,
  author = {L. Lamport},
  title = {LaTEX: A Document Preparation System},
  booktitle = {Addison-Wesley},
  year = {1986},
}

@INPROCEEDINGS{ubi,
  title = {Using BibTeX},
  url = {http://www.bibtex.org/Using/}
}

@INPROCEEDINGS{licence,
  title = {licence-cc.pdf},
  url = {https://ucilnica.fri.uni-lj.si/course/view.php?id=274}
}